% Note: Currently this file is not used

@article{PhysRevSTAB.18.122401,
  title = {Dipole fringe field thin map for compact synchrotrons},
  author = {Hwang, Kilean and Lee, S. Y.},
  journal = {Phys. Rev. ST Accel. Beams},
  volume = {18},
  issue = {12},
  pages = {122401},
  numpages = {11},
  year = {2015},
  month = {Dec},
  publisher = {American Physical Society},
  doi = {10.1103/PhysRevSTAB.18.122401},
  url = {https://link.aps.org/doi/10.1103/PhysRevSTAB.18.122401}
}
